@article{10.1145/1273445.1273458,
author = {Keshav, S.},
title = {How to Read a Paper},
year = {2007},
issue_date = {July 2007},
publisher = {Association for Computing Machinery},
address = {New York, NY, USA},
volume = {37},
number = {3},
issn = {0146-4833},
url = {https://doi.org/10.1145/1273445.1273458},
doi = {10.1145/1273445.1273458},
abstract = {Researchers spend a great deal of time reading research papers. However, this skill is rarely taught, leading to much wasted effort. This article outlines a practical and efficient three-pass method for reading research papers. I also describe how to use this method to do a literature survey.},
journal = {SIGCOMM Comput. Commun. Rev.},
month = jul,
pages = {83â€“84},
numpages = {2},
keywords = {hints, reading, paper}
}

@INPROCEEDINGS{8713105,
  author={F. {Ohori} and S. {Itaya} and K. {Maruhashi} and F. {Kojima}},
  booktitle={2018 21st International Symposium on Wireless Personal Multimedia Communications (WPMC)}, 
  title={Subdividing One Channel of 5GHz Wireless LAN into Narrow Channels for Factory IoT}, 
  year={2018},
  volume={},
  number={},
  pages={632-635},
  doi={10.1109/WPMC.2018.8713105}}
  
  @INPROCEEDINGS{7894505,
  author={Rawat, Seema and Faridi, Zohaib A. and Kumar, Praveen},
  booktitle={2016 International Conference System Modeling   Advancement in Research Trends (SMART)}, 
  title={Analysis and proposal of a novel approach to collision detection and avoidance between moving objects using artificial intelligence}, 
  year={2016},
  volume={},
  number={},
  pages={135-138},
  doi={10.1109/SYSMART.2016.7894505}}
  
  @ARTICLE{1355952,
  author={Khan, E. and Lehmann, S. and Gunji, H. and Ghanbari, M.},
  journal={IEEE Transactions on Circuits and Systems for Video Technology}, 
  title={Iterative error detection and correction of H.263 coded video for wireless networks}, 
  year={2004},
  volume={14},
  number={12},
  pages={1294-1307},
  doi={10.1109/TCSVT.2004.837018}}